<record><leader>00000cas a22000007a 4500</leader><controlfield tag="001">26884913</controlfield><controlfield tag="008">921029d19591971ctuwr ne      0    0eng d</controlfield><datafield ind1=" " ind2=" " tag="010"><subfield code="a">sn 92051499 </subfield></datafield><datafield ind1=" " ind2=" " tag="040"><subfield code="a">CNW</subfield><subfield code="b">eng</subfield><subfield code="c">CNW</subfield><subfield code="d">OCLCQ</subfield><subfield code="d">CNU</subfield><subfield code="d">OCLCQ</subfield><subfield code="d">OCLCF</subfield></datafield><datafield ind1="1" ind2=" " tag="029"><subfield code="a">AU@</subfield><subfield code="b">000020741543</subfield></datafield><datafield ind1=" " ind2=" " tag="042"><subfield code="a">msc</subfield></datafield><datafield ind1=" " ind2=" " tag="043"><subfield code="a">n-us-ct</subfield></datafield><datafield ind1="0" ind2=" " tag="130"><subfield code="a">Town crier (Newington, Conn.)</subfield></datafield><datafield ind1="1" ind2="4" tag="245"><subfield code="a">The town crier.</subfield></datafield><datafield ind1=" " ind2=" " tag="260"><subfield code="a">Newington, Conn. :</subfield><subfield code="b">Philip Calderazzi</subfield></datafield><datafield ind1=" " ind2=" " tag="300"><subfield code="a">v.</subfield></datafield><datafield ind1=" " ind2=" " tag="310"><subfield code="a">Weekly</subfield></datafield><datafield ind1="0" ind2=" " tag="362"><subfield code="a">Vol. 1 no. 1 (Dec. 2, 1959)-v. 7, no. 6 (Feb. 11, 1971).</subfield></datafield><datafield ind1=" " ind2=" " tag="500"><subfield code="a">Editor: Philip Calderazzi, 1959-1963; Edgar R. Jones, 1963-1971.</subfield></datafield><datafield ind1=" " ind2=" " tag="500"><subfield code="a">Frequency varies.</subfield></datafield><datafield ind1=" " ind2=" " tag="530"><subfield code="a">Available on microfilm from New England Micrographics, Marlboro, Mass.</subfield></datafield><datafield ind1=" " ind2="0" tag="651"><subfield code="a">Newington (Conn.)</subfield><subfield code="v">Newspapers.</subfield></datafield><datafield ind1=" " ind2="7" tag="655"><subfield code="a">Newspapers.</subfield><subfield code="2">fast</subfield><subfield code="0">(OCoLC)fst01423814</subfield></datafield><datafield ind1=" " ind2="7" tag="651"><subfield code="a">Connecticut</subfield><subfield code="z">Newington.</subfield><subfield code="2">fast</subfield><subfield code="0">(OCoLC)fst01224223</subfield></datafield><datafield ind1="1" ind2=" " tag="700"><subfield code="a">Calderazzi, Philip.</subfield></datafield><datafield ind1="1" ind2=" " tag="700"><subfield code="a">Jones, Edgar R.</subfield><subfield code="q">(Edgar Robert),</subfield><subfield code="d">1911-2007.</subfield></datafield><datafield ind1=" " ind2=" " tag="752"><subfield code="a">United States</subfield><subfield code="b">Connecticut</subfield><subfield code="c">Hartford</subfield><subfield code="d">Newington.</subfield></datafield><datafield ind1="0" ind2="0" tag="785"><subfield code="t">Newington town crier</subfield><subfield code="w">(DLC)sn 82006698</subfield><subfield code="w">(OCoLC)8803043</subfield></datafield></record>